@article{yin2012using,
  title={Using social media to enhance emergency situation awareness},
  author={Yin, Jie and Lampert, Andrew and Cameron, Mark and Robinson, Bella and Power, Robert},
  journal={IEEE Intelligent Systems},
  volume={27},
  number={6},
  pages={52--59},
  year={2012}
}

@inproceedings{fung2005parameter,
  title={Parameter free bursty events detection in text streams},
  author={Fung, Gabriel Pui Cheong and Yu, Jeffrey Xu and Yu, Philip S and Lu, Hongjun},
  booktitle={Proceedings of the 31st international conference on Very large data bases},
  pages={181--192},
  year={2005},
  organization={VLDB Endowment}
}

@inproceedings{stowe2016identifying,
  title={Identifying and categorizing disaster-related tweets},
  author={Stowe, Kevin and Paul, Michael J and Palmer, Martha and Palen, Leysia and Anderson, Kenneth},
  booktitle={Proceedings of The Fourth International Workshop on Natural Language Processing for Social Media},
  pages={1--6},
  year={2016}
}

